<record><leader>00000cas a22000007a 4500</leader><controlfield tag="001">37844904</controlfield><controlfield tag="008">971025d189u190utnuwr ne      0    0eng d</controlfield><datafield ind1=" " ind2=" " tag="010"><subfield code="a">sn 97065467 </subfield></datafield><datafield ind1=" " ind2=" " tag="040"><subfield code="a">TGN</subfield><subfield code="b">eng</subfield><subfield code="c">TGN</subfield><subfield code="d">OCLCQ</subfield><subfield code="d">OCLCF</subfield><subfield code="d">OCLCO</subfield></datafield><datafield ind1="1" ind2=" " tag="029"><subfield code="a">AU@</subfield><subfield code="b">000013538971</subfield></datafield><datafield ind1=" " ind2=" " tag="042"><subfield code="a">msc</subfield></datafield><datafield ind1=" " ind2=" " tag="043"><subfield code="a">n-us-tn</subfield></datafield><datafield ind1=" " ind2="4" tag="050"><subfield code="a">AN2.W5</subfield><subfield code="b">D4</subfield></datafield><datafield ind1="0" ind2="4" tag="245"><subfield code="a">The Sharon tribune.</subfield></datafield><datafield ind1=" " ind2=" " tag="260"><subfield code="a">Sharon, Tenn. :</subfield><subfield code="b">C.E. Biles</subfield></datafield><datafield ind1=" " ind2=" " tag="300"><subfield code="a">v.</subfield></datafield><datafield ind1=" " ind2=" " tag="310"><subfield code="a">Weekly</subfield></datafield><datafield ind1=" " ind2=" " tag="580"><subfield code="a">Merged with: Dresden enterprise (Dresden, Tenn. : 1890), to form: Dresden enterprise and Sharon tribune.</subfield></datafield><datafield ind1=" " ind2=" " tag="588"><subfield code="a">Description based on: Vol. 6, no. 9 (Sept. 25, 1896).</subfield></datafield><datafield ind1=" " ind2="0" tag="651"><subfield code="a">Dresden (Tenn.)</subfield><subfield code="v">Newspapers.</subfield></datafield><datafield ind1=" " ind2="0" tag="651"><subfield code="a">Weakley County (Tenn.)</subfield><subfield code="v">Newspapers.</subfield></datafield><datafield ind1=" " ind2="7" tag="655"><subfield code="a">Newspapers.</subfield><subfield code="2">fast</subfield><subfield code="0">(OCoLC)fst01423814</subfield></datafield><datafield ind1=" " ind2="7" tag="651"><subfield code="a">Tennessee</subfield><subfield code="z">Dresden.</subfield><subfield code="2">fast</subfield><subfield code="0">(OCoLC)fst01227063</subfield></datafield><datafield ind1=" " ind2="7" tag="651"><subfield code="a">Tennessee</subfield><subfield code="z">Weakley County.</subfield><subfield code="2">fast</subfield><subfield code="0">(OCoLC)fst01210110</subfield></datafield><datafield ind1=" " ind2=" " tag="752"><subfield code="a">United States</subfield><subfield code="b">Tennessee</subfield><subfield code="c">Weakley</subfield><subfield code="d">Dresden.</subfield></datafield><datafield ind1="1" ind2="7" tag="785"><subfield code="t">Dresden Enterprise (Dresden, Tenn. : 1890)</subfield><subfield code="w">(DLC)sn 97065469</subfield></datafield><datafield ind1="1" ind2="7" tag="785"><subfield code="t">Dresden enterprise and Sharon tribune</subfield><subfield code="w">(DLC)sn 89058336</subfield></datafield></record>